
@book{
Ullman-418,
   Author = {Ullman, Larry},
   Title = {PHP与MySQL动态网站开发},
   Publisher = {人民邮电出版社},
   Address = {北京},
   Edition = {4},
   Year = {2013} }


